@online{camos2020transporte,
  author    = {Gibet Camós and Juanita Concha Rivera},
  title     = {El transporte público en Colombia: estos son sus retos para ser exitoso},
  year      = {2020},
  month     = {apr},
  url       = {https://blogs.iadb.org/transporte/es/el-transporte-publico-en-colombia-estos-son-sus-retos-para-ser-exitoso/},
  note      = {[En línea]. Disponible: https://blogs.iadb.org/transporte/es/el-transporte-publico-en-colombia-estos-son-sus-retos-para-ser-exitoso/},
}

@misc{worldbank_transport_2023,
  title = {Overview: Transport},
  author = {{Banco Mundial}},
  year = {2023},
  url = {https://www.bancomundial.org/es/topic/transport/overview},
  note = {Accedido: 18 de octubre de 2024}
}


@article{guihaire2008,
  author = {Guihaire, V. and Hao, J.-K.},
  title = {Transit network design and scheduling: A global review},
  journal = {Transportation Research Part A: Policy and Practice},
  volume = {42},
  number = {10},
  pages = {1251--1273},
  year = {2008}
}

@techreport{borndorfer2005,
  author = {Borndörfer, R. and Grötschel, M. and Pfetsch, M. E.},
  title = {A path-based model for line planning in public transport},
  institution = {ZIB},
  year = {2005},
  number = {Report 05-18}
}

@article{castelli2004,
  author = {Castelli, L. and Pesenti, R. and Ukovich, W.},
  title = {Scheduling multimodal transportation systems},
  journal = {European Journal of Operational Research},
  volume = {155},
  number = {3},
  pages = {603--615},
  year = {2004}
}

@article{chakroborty1995,
  author = {Chakroborty, P. and Deb, K. and Subrahmanyam, P. S.},
  title = {Optimal scheduling of urban transit systems using genetic algorithms},
  journal = {Journal of Transportation Engineering},
  volume = {121},
  number = {6},
  pages = {544--553},
  year = {1995}
}

@mastersthesis{eranki2004,
  author = {Eranki, A.},
  title = {A model to create bus timetables to attain maximum synchronization considering waiting times at transfer stops},
  school = {University of South Florida},
  year = {2004}
}

@article{furth1982,
  author = {Furth, P. G. and Wilson, N. H. M.},
  title = {Setting frequencies on bus routes: Theory and practice},
  journal = {Transportation Research Record},
  volume = {818},
  pages = {1--7},
  year = {1982}
}

@article{gkiotsalitis2020,
  author = {Gkiotsalitis, K.},
  title = {A model for the periodic optimization of bus dispatching times},
  journal = {Applied Mathematical Modelling},
  volume = {82},
  pages = {785--801},
  year = {2020},
  doi = {10.1016/j.apm.2020.02.003}
}

@article{guan2022,
  author = {Guan, D. and Wu, X. and Wang, K. and Zhao, J.},
  title = {Vehicle dispatch and route optimization algorithm for demand-responsive transit},
  journal = {Processes},
  volume = {10},
  number = {12},
  pages = {2651},
  year = {2022},
  doi = {10.3390/pr10122651}
}

@article{kim2009,
  author = {Kim, W. and Son, B. and Chung, J.-H. and Kim, E.},
  title = {Development of real-time optimal bus scheduling and headway control models},
  journal = {Transportation Research Record},
  volume = {2111},
  number = {1},
  pages = {33--41},
  year = {2009},
  doi = {10.3141/2111-05}
}

@article{lampkin1967,
  author = {Lampkin, W. and Saalmans, P. D.},
  title = {The design of routes, service frequencies, and schedules for a municipal bus undertaking: A case study},
  journal = {Operational Research Quarterly},
  volume = {18},
  number = {4},
  pages = {375--397},
  year = {1967}
}

@article{magnanti1984,
  author = {Magnanti, T. L. and Wong, R. T.},
  title = {Network design and transportation planning: Models and algorithms},
  journal = {Transportation Science},
  volume = {18},
  number = {1},
  pages = {1--55},
  year = {1984}
}

@article{murray2003,
  author = {Murray, A. T.},
  title = {A coverage model for improving public transit system accessibility and expanding access},
  journal = {Annals of Operations Research},
  volume = {123},
  pages = {143--156},
  year = {2003}
}

@article{murray1998,
  author = {Murray, A. T. and Davis, R. and Stimson, R. J. and Ferreira, L.},
  title = {Public transportation access},
  journal = {Transportation Research Part D},
  volume = {3},
  pages = {319--328},
  year = {1998}
}

@article{patz1925,
  author = {Patz, A.},
  title = {Die richtige Auswahl von Verkehrslinien bei großen Straßenbahnnetzen},
  journal = {Verkehrstechnik},
  volume = {50/51},
  year = {1925}
}

@article{scheele1980,
  author = {Scheele, S.},
  title = {A supply model for public transit services},
  journal = {Transportation Research Part B},
  volume = {14},
  pages = {133--146},
  year = {1980}
}

@article{vanoudheusden1995,
  author = {van Oudheusden, D. L. and Zhu, W.},
  title = {Trip frequency scheduling for bus route management in Bangkok},
  journal = {European Journal of Operational Research},
  volume = {83},
  number = {3},
  pages = {439--451},
  year = {1995},
  doi = {10.1016/0377-2217(94)00362-G}
}

@article{wang2017,
  author = {Wang, Y. and Zhang, D. and Hu, L. and Yang, Y. and Lee, L. H.},
  title = {A data-driven and optimal bus scheduling model with time-dependent traffic and demand},
  journal = {IEEE Transactions on Intelligent Transportation Systems},
  volume = {18},
  number = {9},
  pages = {2443--2452},
  year = {2017},
  doi = {10.1109/tits.2016.2644725}
}

@article{zhou2023,
  author = {Zhou, X. and Wei, G. and Zhang, Y. and Wang, Q. and Guo, H.},
  title = {Optimizing Multi-Vehicle Demand-Responsive bus dispatching: a Real-Time Reservation-Based approach},
  journal = {Sustainability},
  volume = {15},
  number = {7},
  pages = {5909},
  year = {2023},
  doi = {10.3390/su15075909}
}

@article{daganzo1984,
  author = {Daganzo, C. F.},
  title = {Checkpoint dial-a-ride systems},
  journal = {Transportation Research Part B: Methodological},
  volume = {18},
  number = {4-5},
  pages = {315--327},
  year = {1984},
  doi = {10.1016/0191-2615(84)90014-6}
}

@article{gorev2020,
  author = {Gorev, A. and Popova, O. and Solodkij, A.},
  title = {Demand-responsive transit systems in areas with low transport demand of “smart city”},
  journal = {Transportation Research Procedia},
  volume = {50},
  pages = {160--166},
  year = {2020},
  doi = {10.1016/j.trpro.2020.10.020}
}

@article{pei2021,
  author = {Pei, M. and Lin, P. and Du, J. and Li, X. and Chen, Z.},
  title = {Vehicle dispatching in modular transit networks: A mixed-integer nonlinear programming model},
  journal = {Transportation Research Part E: Logistics and Transportation Review},
  volume = {147},
  pages = {102240},
  year = {2021},
  doi = {10.1016/j.tre.2021.102240}
}

@article{chen2019,
  author = {Chen, Z. and Li, X. and Zhou, X.},
  title = {Operational design for shuttle systems with modular vehicles under oversaturated traffic: Discrete modeling method},
  journal = {Transportation Research Part B: Methodological},
  volume = {122},
  pages = {1--19},
  year = {2019},
  doi = {10.1016/j.trb.2019.01.015}
}

@article{gkiotsalitis2019,
  author = {Gkiotsalitis, K. and Alesiani, F.},
  title = {Robust timetable optimization for bus lines subject to resource and regulatory constraints},
  journal = {Transportation Research Part E: Logistics and Transportation Review},
  volume = {128},
  pages = {30--51},
  year = {2019},
  doi = {10.1016/j.tre.2019.05.}
}

@online{fenalco2024transporte,
  title     = {Crisis del transporte público de Montería también afecta al comercio: Fenalco},
  year      = {2024},
  month     = {jan},
  url       = {https://larazon.co/monteria/crisis-del-transporte-publico-de-monteria-tambien-afecta-al-comercio-fenalco/},
  note      = {[En línea]. Disponible: https://larazon.co/monteria/crisis-del-transporte-publico-de-monteria-tambien-afecta-al-comercio-fenalco/},
}

@online{fenalco2023perdidas,
  title     = {Transporte público en Montería acumuló pérdidas por 10 mil millones en dos años},
  year      = {2023},
  month     = {feb},
  url       = {https://larazon.co/monteria/transporte-publico-en-monteria-acumulo-perdidas-por-10-mil-millones-en-dos-anos/#google_vignette}
}


@online{camos2020transporte,
  author    = {Gibet Camós and Juanita Concha Rivera},
  title     = {El transporte público en Colombia: estos son sus retos para ser exitoso},
  year      = {2020},
  month     = {apr},
  url       = {https://blogs.iadb.org/transporte/es/el-transporte-publico-en-colombia-estos-son-sus-retos-para-ser-exitoso/},
  note      = {[En línea]. Disponible: https://blogs.iadb.org/transporte/es/el-transporte-publico-en-colombia-estos-son-sus-retos-para-ser-exitoso/},
}

@article{guan2023,
author = {Zhou, Xuemei and Wei, Guohui and Zhang, Yunbo and Wang, Qianlin and Guo, Huanwu},
year = {2023},
month = {03},
pages = {5909},
title = {Optimizing Multi-Vehicle Demand-Responsive Bus Dispatching: A Real-Time Reservation-Based Approach},
volume = {15},
journal = {Sustainability},
doi = {10.3390/su15075909}
}


@online{ortiz2023transporte,
  author    = {Divar Ortiz},
  title     = {Pese a millonario gasto, sistema estratégico de transporte aún no arranca en Montería},
  year      = {2023},
  month     = {mar},
  url       = {https://www.wradio.com.co/2023/03/28/pese-a-millonario-gasto-sistema-estrategico-de-transporte-aun-no-arranca-en-monteria/},
  note      = {[En línea]. Disponible: https://www.wradio.com.co/2023/03/28/pese-a-millonario-gasto-sistema-estrategico-de-transporte-aun-no-arranca-en-monteria/},
}

@article{cheng2024bus,
  author    = {Gang Cheng and Yijie He},
  title     = {Enhancing passenger comfort and operator efficiency through multiobjective bus timetable optimization},
  journal   = {Electronic Research Archive},
  volume    = {32},
  number    = {1},
  pages     = {565--583},
  year      = {2024},
  doi       = {10.3934/era.2024028},
  url       = {https://www.aimspress.com/aimspress-data/era/2024/1/PDF/era-32-01-028.pdf}
}

@article{fakhravar2022heuristics,
  author    = {Hengameh Fakhravar},
  title     = {Combining heuristics and Exact Algorithms: A Review},
  journal   = {arXiv preprint arXiv:2202.02799},
  year      = {2022},
  month     = {feb},
  doi       = {10.48550/arXiv.2202.02799},
  url       = {https://doi.org/10.48550/arXiv.2202.02799}
}

